@article{nagy_heroides_2022,
    author          = "Nagy, Ben",
    title           = "Preprint: {S}ome Stylometric Remarks On 
                       {O}vidâ€™s {H}eroides And The {E}pistula {S}apphus",
    year            = "2022",
    publisher       = {Zenodo},
    version         = {v1.0.0},
    doi             = {TBA},
    howpublished    = "\url{https://github.com/bnagy/heroides-paper}"
}
